





@article{doi:10.1086/358328,
author = {Cajori, Florian},
title = {Leibniz, the Master-Builder of Mathematical Notations},
journal = {Isis},
volume = {7},
number = {3},
pages = {412-429},
year = {1925},
doi = {10.1086/358328},

URL = { 
    
        https://doi.org/10.1086/358328
    
    

},
eprint = { 
    
        https://doi.org/10.1086/358328

}

}


@book{Bardi, place={New York, NY}, title={The calculus wars: Newton, Leibniz, and the greatest mathematical clash of all time}, publisher={Basic Books}, author={Bardi, Jason Socrates}, year={2010}}
@book{Goldblatt, place={New York, NY}, title={Lectures on the hyperreals: An introduction to nonstandard analysis}, publisher={Springer}, author={Goldblatt, Robert}, year={1998}}
@book{Russell, place={London}, title={A critical exposition of the philosophy of Leibniz: With an appendix of leading Passeges}, publisher={Allen and Unwin}, author={Russell, Bertrand}, year={1937}}
@misc{Cajori, title={Isis, Volume 7 Number 3(1925) : Leibniz, the Master-Builder of Mathematical Notations}, url={https://www.journals.uchicago.edu/doi/pdf/10.1086/358328}, journal={University of Chicago Press Journals}, publisher={University of Chicago}, author={Cajori, Florian}, year={1925}} Pages 412-429
@misc{Belaval,title={Gottfried Wilhelm Leibniz},author={Belaval, Yvon and Look, Brandon C.}, url={https://www.britannica.com/biography/Gottfried-Wilhelm-Leibniz}, journal={Encyclopædia Britannica}, publisher={Encyclopædia Britannica, inc.}, year={2024}, month={Mar}}
@misc{Goldbring, title={Lecture Notes on Nonstandard Analysis UCLA Summer School in Logic}, url={https://www.math.uci.edu/~isaac/NSA%20notes.pdf}, journal={Department of Mathematics, University of California -Irvine}, publisher={University of California -Irvine}, author={Goldbring, Isaac}, year={2014}, month={Nov}}
@misc{Leibniz, title={AN ATTEMPT TO EXPLAIN THE CAUSES OF CELESTIAL MOTIONS.}, url={http://www.17centurymaths.com/contents/Leibniz/ae10.pdf}, journal={17centurymaths}, publisher={17centurymaths}, author={Leibniz, Gottfried}, editor={Bruce, IanTranslator}, year={2014}}
@book{Strickland,
        author = {Strickland,Llyod & Leibniz, Gottfried},
        title = {The shorter Leibniz texts : a collection of new translations},
        year = {2006},
        place={London,Eng},
        publisher = {Continuum},
}
